@article{mazur-torsion,
	TITLE        = {Modular curves and the {E}isenstein ideal},
	AUTHOR       = {Mazur, B.},
	YEAR         = {1977},
	JOURNAL      = {Inst. Hautes \'{E}tudes Sci. Publ. Math.},
	NUMBER       = {47},
	PAGES        = {33--186},
	ISSN         = {0073-8301,1618-1913},
	URL          = {http://www.numdam.org/item?id=PMIHES_1977__47__33_0},
	NOTE         = {With an appendix by Mazur and M. Rapoport},
	FJOURNAL     = {Institut des Hautes \'{E}tudes Scientifiques. Publications Math\'{e}matiques},
	MRCLASS      = {14G25 (10D05)},
	MRNUMBER     = {488287},
	MRREVIEWER   = {M.\ Ohta}
}
@article{serreconj,
	TITLE        = {Sur les repr\'{e}sentations modulaires de degr\'{e} {$2$} de {$\GQ$}},
	AUTHOR       = {Serre, Jean-Pierre},
	YEAR         = {1987},
	JOURNAL      = {Duke Math. J.},
	VOLUME       = {54},
	NUMBER       = {1},
	PAGES        = {179--230},
	DOI          = {10.1215/S0012-7094-87-05413-5},
	ISSN         = {0012-7094,1547-7398},
	URL          = {https://doi.org/10.1215/S0012-7094-87-05413-5},
	FJOURNAL     = {Duke Mathematical Journal},
	MRCLASS      = {11F11 (11G05 14G15 14G25 14K15)},
	MRNUMBER     = {885783},
	MRREVIEWER   = {M.\ A.\ Kenku}
}
@article{WilesFLT,
	TITLE        = {Modular elliptic curves and {F}ermat's last theorem},
	AUTHOR       = {Wiles, Andrew},
	YEAR         = {1995},
	JOURNAL      = {Ann. of Math. (2)},
	VOLUME       = {141},
	NUMBER       = {3},
	PAGES        = {443--551},
	DOI          = {10.2307/2118559},
	ISSN         = {0003-486X,1939-8980},
	URL          = {https://doi.org/10.2307/2118559},
	FJOURNAL     = {Annals of Mathematics. Second Series},
	MRCLASS      = {11G05 (11D41 11F11 11F80 11G18)},
	MRNUMBER     = {1333035},
	MRREVIEWER   = {Karl\ Rubin}
}
@article{Taylor-Wiles,
	TITLE        = {Ring-theoretic properties of certain {H}ecke algebras},
	AUTHOR       = {Taylor, Richard and Wiles, Andrew},
	YEAR         = {1995},
	JOURNAL      = {Ann. of Math. (2)},
	VOLUME       = {141},
	NUMBER       = {3},
	PAGES        = {553--572},
	DOI          = {10.2307/2118560},
	ISSN         = {0003-486X,1939-8980},
	URL          = {https://doi.org/10.2307/2118560},
	FJOURNAL     = {Annals of Mathematics. Second Series},
	MRCLASS      = {11G18 (11D41 11F11 11R34 13C40)},
	MRNUMBER     = {1333036},
	MRREVIEWER   = {Karl\ Rubin}
}
@article{taylor-mero-cont,
	TITLE        = {On the meromorphic continuation of degree two {$L$}-functions},
	AUTHOR       = {Taylor, Richard},
	YEAR         = {2006},
	JOURNAL      = {Doc. Math.},
	PAGES        = {729--779},
	ISSN         = {1431-0635,1431-0643},
	FJOURNAL     = {Documenta Mathematica},
	MRCLASS      = {11R39 (11F80 11G40)},
	MRNUMBER     = {2290604},
	MRREVIEWER   = {M.\ Ram\ Murty}
}
@article{moret-bailly,
	TITLE        = {Groupes de {P}icard et probl\`emes de {S}kolem. {I}, {II}},
	AUTHOR       = {Moret-Bailly, Laurent},
	YEAR         = {1989},
	JOURNAL      = {Ann. Sci. \'{E}cole Norm. Sup. (4)},
	VOLUME       = {22},
	NUMBER       = {2},
	PAGES        = {161--179, 181--194},
	ISSN         = {0012-9593},
	URL          = {http://www.numdam.org/item?id=ASENS_1989_4_22_2_161_0},
	FJOURNAL     = {Annales Scientifiques de l'\'{E}cole Normale Sup\'{e}rieure. Quatri\`eme S\'{e}rie},
	MRCLASS      = {11G35 (11D72 14G25)},
	MRNUMBER     = {1005158},
	MRREVIEWER   = {Philippe\ Satg\'{e}}
}
@article{BLGGT,
	TITLE        = {Potential automorphy and change of weight},
	AUTHOR       = {Barnet-Lamb, Thomas and Gee, Toby and Geraghty, David and Taylor, Richard},
	YEAR         = {2014},
	JOURNAL      = {Ann. of Math. (2)},
	VOLUME       = {179},
	NUMBER       = {2},
	PAGES        = {501--609},
	DOI          = {10.4007/annals.2014.179.2.3},
	ISSN         = {0003-486X,1939-8980},
	URL          = {https://doi.org/10.4007/annals.2014.179.2.3},
	FJOURNAL     = {Annals of Mathematics. Second Series},
	MRCLASS      = {11F33},
	MRNUMBER     = {3152941},
	MRREVIEWER   = {Wen-Wei\ Li}
}
@article{edix,
	TITLE        = {The weight in {S}erre's conjectures on modular forms},
	AUTHOR       = {Edixhoven, Bas},
	YEAR         = {1992},
	JOURNAL      = {Invent. Math.},
	VOLUME       = {109},
	NUMBER       = {3},
	PAGES        = {563--594},
	DOI          = {10.1007/BF01232041},
	ISSN         = {0020-9910,1432-1297},
	URL          = {https://doi.org/10.1007/BF01232041},
	FJOURNAL     = {Inventiones Mathematicae},
	MRCLASS      = {11R39 (11F80 11G18)},
	MRNUMBER     = {1176206},
	MRREVIEWER   = {Douglas\ L.\ Ulmer}
}
@article{serrepropgal,
	TITLE        = {Propri\'{e}t\'{e}s galoisiennes des points d'ordre fini des courbes elliptiques},
	AUTHOR       = {Serre, Jean-Pierre},
	YEAR         = {1972},
	JOURNAL      = {Invent. Math.},
	VOLUME       = {15},
	NUMBER       = {4},
	PAGES        = {259--331},
	DOI          = {10.1007/BF01405086},
	ISSN         = {0020-9910,1432-1297},
	URL          = {https://doi.org/10.1007/BF01405086},
	FJOURNAL     = {Inventiones Mathematicae},
	MRCLASS      = {14G25 (14K15)},
	MRNUMBER     = {387283},
	MRREVIEWER   = {J.\ W. S. Cassels}
}
@book{silverman1,
	TITLE        = {The arithmetic of elliptic curves},
	AUTHOR       = {Silverman, Joseph H.},
	YEAR         = {2009},
	PUBLISHER    = {Springer, Dordrecht},
	SERIES       = {Graduate Texts in Mathematics},
	VOLUME       = {106},
	PAGES        = {xx+513},
	DOI          = {10.1007/978-0-387-09494-6},
	ISBN         = {978-0-387-09493-9},
	URL          = {https://doi.org/10.1007/978-0-387-09494-6},
	EDITION      = {Second},
	MRCLASS      = {11-02 (11G05 11G20 14H52 14K15)},
	MRNUMBER     = {2514094},
	MRREVIEWER   = {Vasil\cprime \ \={I}.\ Andr\={\i}\u{\i}chuk}
}
@book{silverman2,
	TITLE        = {Advanced topics in the arithmetic of elliptic curves},
	AUTHOR       = {Silverman, Joseph H.},
	YEAR         = {1994},
	PUBLISHER    = {Springer-Verlag, New York},
	SERIES       = {Graduate Texts in Mathematics},
	VOLUME       = {151},
	PAGES        = {xiv+525},
	DOI          = {10.1007/978-1-4612-0851-8},
	ISBN         = {0-387-94328-5},
	URL          = {https://doi.org/10.1007/978-1-4612-0851-8},
	MRCLASS      = {11G05 (11G07 11G15 11G40 14H52)},
	MRNUMBER     = {1312368},
	MRREVIEWER   = {Henri\ Darmon}
}
@incollection{ddt,
	TITLE        = {Fermat's last theorem},
	AUTHOR       = {Darmon, Henri and Diamond, Fred and Taylor, Richard},
	YEAR         = {1994},
	BOOKTITLE    = {Current developments in mathematics, 1995 ({C}ambridge, {MA})},
	PUBLISHER    = {Int. Press, Cambridge, MA},
	PAGES        = {1--154},
	ISBN         = {1-57146-029-2},
	MRCLASS      = {11G18 (11D41 11F80 11G05)},
	MRNUMBER     = {1474977},
	MRREVIEWER   = {M.\ Ram\ Murty}
}
@article{toby-modularity,
	TITLE        = {Modularity lifting theorems},
	AUTHOR       = {Gee, Toby},
	YEAR         = {2022},
	JOURNAL      = {Essent. Number Theory},
	VOLUME       = {1},
	NUMBER       = {1},
	PAGES        = {73--126},
	DOI          = {10.2140/ent.2022.1.73},
	ISSN         = {2834-4626,2834-4634},
	URL          = {https://doi.org/10.2140/ent.2022.1.73},
	FJOURNAL     = {Essential Number Theory},
	MRCLASS      = {11S37},
	MRNUMBER     = {4573253},
	MRREVIEWER   = {Sazzad\ Ali\ Biswas}
}
@book{katz-mazur,
	TITLE        = {Arithmetic moduli of elliptic curves},
	AUTHOR       = {Katz, Nicholas M. and Mazur, Barry},
	YEAR         = {1985},
	PUBLISHER    = {Princeton University Press, Princeton, NJ},
	SERIES       = {Annals of Mathematics Studies},
	VOLUME       = {108},
	PAGES        = {xiv+514},
	DOI          = {10.1515/9781400881710},
	ISBN         = {0-691-08349-5; 0-691-08352-5},
	URL          = {https://doi.org/10.1515/9781400881710},
	MRCLASS      = {11G05 (11F11 14G25 14K15)},
	MRNUMBER     = {772569},
	MRREVIEWER   = {Kenneth\ A.\ Ribet}
}
@proceedings{cf,
	TITLE        = {Algebraic number theory},
	YEAR         = {1967},
	BOOKTITLE    = {Proceedings of an instructional conference organized by the {L}ondon {M}athematical {S}ociety (a {NATO} {A}dvanced {S}tudy {I}nstitute) with the support of the {I}nternational {M}athematical {U}nion},
	PUBLISHER    = {Academic Press, London; Thompson Book Co., Inc., Washington, DC},
	PAGES        = {xviii+366},
	EDITOR       = {Cassels, J. W. S. and Fr\"{o}hlich, A.},
	MRCLASS      = {00.04 (10.00)},
	MRNUMBER     = {215665}
}
@book{serre-galcoh,
	TITLE        = {Galois cohomology},
	AUTHOR       = {Serre, Jean-Pierre},
	YEAR         = {2002},
	PUBLISHER    = {Springer-Verlag, Berlin},
	SERIES       = {Springer Monographs in Mathematics},
	PAGES        = {x+210},
	ISBN         = {3-540-42192-0},
	NOTE         = {Translated from the French by Patrick Ion and revised by the author},
	EDITION      = {English},
	MRCLASS      = {12G05 (11R34)},
	MRNUMBER     = {1867431}
}
@proceedings{corvallis1,
	TITLE        = {Automorphic forms, representations and {$L$}-functions. {P}art 1},
	YEAR         = {1979},
	BOOKTITLE    = {Proceedings of the {S}ymposium in {P}ure {M}athematics of the {A}merican {M}athematical {S}ociety ({T}wenty-fifth {S}ummer {R}esearch {I}nstitute) held at {O}regon {S}tate {U}niversity, {C}orvallis, {O}re., {J}uly 11--{A}ugust 5, 1977},
	PUBLISHER    = {American Mathematical Society, Providence, RI},
	SERIES       = {Proceedings of Symposia in Pure Mathematics},
	VOLUME       = {XXXIII},
	PAGES        = {x+322},
	ISBN         = {0-8218-1435-4},
	EDITOR       = {Borel, Armand and Casselman, W.},
	MRCLASS      = {10-06 (10Dxx 10Hxx 12-06 22-06)},
	MRNUMBER     = {546586}
}
@proceedings{corvallis2,
	TITLE        = {Automorphic forms, representations, and {$L$}-functions. {P}art 2},
	YEAR         = {1979},
	BOOKTITLE    = {Proceedings of the {S}ymposium in {P}ure {M}athematics of the {A}merican {M}athematical {S}ociety ({T}wenty-fifth {S}ummer {R}esearch {I}nstitute) held at {O}regon {S}tate {U}niversity, {C}orvallis, {O}re., {J}uly 11--{A}ugust 5, 1977},
	PUBLISHER    = {American Mathematical Society, Providence, RI},
	SERIES       = {Proceedings of Symposia in Pure Mathematics},
	VOLUME       = {XXXIII},
	PAGES        = {vii+382},
	ISBN         = {0-8218-1437-0},
	EDITOR       = {Borel, Armand and Casselman, W.},
	MRCLASS      = {10-06 (10Dxx 10Hxx 12-06 22-06)},
	MRNUMBER     = {546606}
}
